<record><leader>00000cas a22000007a 4500</leader><controlfield tag="001">20789632</controlfield><controlfield tag="008">891215d191319uucouwr ne      0    0eng d</controlfield><datafield ind1=" " ind2=" " tag="010"><subfield code="a">sn 89052327 </subfield></datafield><datafield ind1=" " ind2=" " tag="040"><subfield code="a">CNQ</subfield><subfield code="b">eng</subfield><subfield code="c">CNQ</subfield><subfield code="d">OCLCQ</subfield></datafield><datafield ind1=" " ind2=" " tag="042"><subfield code="a">msc</subfield></datafield><datafield ind1="0" ind2="4" tag="245"><subfield code="a">The Cheyenne County news.</subfield></datafield><datafield ind1="1" ind2="3" tag="246"><subfield code="a">Cheyenne County news successor to Cheyenne republican</subfield></datafield><datafield ind1=" " ind2=" " tag="260"><subfield code="a">Cheyenne Wells, Cheyenne County, Colo. :</subfield><subfield code="b">T.E. Hickman</subfield></datafield><datafield ind1=" " ind2=" " tag="300"><subfield code="a">v.</subfield></datafield><datafield ind1=" " ind2=" " tag="310"><subfield code="a">Weekly</subfield></datafield><datafield ind1="0" ind2=" " tag="362"><subfield code="a">Vol. 25, no. 43 (Aug. 29, 1913)-</subfield></datafield><datafield ind1=" " ind2=" " tag="530"><subfield code="a">Available on microfilm from the Colorado Historical Society.</subfield></datafield><datafield ind1=" " ind2=" " tag="752"><subfield code="a">United States</subfield><subfield code="b">Colorado</subfield><subfield code="c">Cheyenne</subfield><subfield code="d">Cheyenne Wells.</subfield></datafield><datafield ind1="0" ind2="0" tag="780"><subfield code="t">Cheyenne Republican</subfield><subfield code="w">(DLC)sn 89052326</subfield></datafield></record>